@article{Feng:2016ijc,
    author = "Feng, Jonathan L. and Smolinsky, Jordan and Tanedo, Philip",
    title = "{Detecting dark matter through dark photons from the Sun: Charged particle signatures}",
    eprint = "1602.01465",
    archivePrefix = "arXiv",
    primaryClass = "hep-ph",
    reportNumber = "UCI-TR-2016-02",
    doi = "10.1103/PhysRevD.93.115036",
    journal = "Phys. Rev. D",
    volume = "93",
    number = "11",
    pages = "115036",
    year = "2016",
    note = "[Erratum: Phys.Rev.D 96, 099903 (2017)]"
}

@book{spivak1975comprehensive,
  title={A Comprehensive Introduction to Differential Geometry},
  author={Spivak, M.},
  number={v. 2},
  isbn={9780914098805},
  lccn={73076372},
  series={A Comprehensive Introduction to Differential Geometry},
  year={1975},
  publisher={Publish or Perish, Incorporated}
}

@inproceedings{Collinucci:2006hx,
    author = "Collinucci, Andres and Wijns, Alexander",
    title = "{Topology of Fibre bundles and Global Aspects of Gauge Theories}",
    booktitle = "{2nd Modave Summer School in Theoretical Physics}",
    eprint = "hep-th/0611201",
    archivePrefix = "arXiv",
    reportNumber = "KUL-TF-06-30",
    month = "11",
    year = "2006"
}